
@article{krishnamurthy2014,
  title = {Nonparametric {{Estimation}} of {{Renyi Divergence}} and {{Friends}}},
  author = {Krishnamurthy, Akshay and Kandasamy, Kirthevasan and Poczos, Barnabas and Wasserman, Larry},
  year = {2014},
  month = feb,
  archivePrefix = {arXiv},
  eprint = {1402.2966},
  eprinttype = {arxiv},
  file = {/Users/ChangHoon/Zotero/storage/PF3VM88H/Krishnamurthy et al. - 2014 - Nonparametric Estimation of Renyi Divergence and F.pdf;/Users/ChangHoon/Zotero/storage/WN2TEZ4U/1402.html},
  journal = {arXiv:1402.2966 [math, stat]},
  keywords = {Mathematics - Statistics Theory,Statistics - Machine Learning},
  primaryClass = {math, stat}
}

@article{ntampaka2015,
  title = {A {{Machine Learning Approach}} for {{Dynamical Mass Measurements}} of {{Galaxy Clusters}}},
  author = {Ntampaka, Michelle and Trac, Hy and Sutherland, Dougal J. and Battaglia, Nicholas and Poczos, Barnabas and Schneider, Jeff},
  year = {2015},
  month = apr,
  volume = {803},
  pages = {50},
  issn = {1538-4357},
  doi = {10.1088/0004-637X/803/2/50},
  archivePrefix = {arXiv},
  eprint = {1410.0686},
  eprinttype = {arxiv},
  file = {/Users/ChangHoon/Zotero/storage/KPPHY3I2/Ntampaka et al. - 2015 - A Machine Learning Approach for Dynamical Mass Mea.pdf;/Users/ChangHoon/Zotero/storage/W5XDEY8N/1410.html},
  journal = {The Astrophysical Journal},
  keywords = {Astrophysics - Cosmology and Nongalactic Astrophysics},
  number = {2}
}

@article{ntampaka2016,
  title = {Dynamical {{Mass Measurements}} of {{Contaminated Galaxy Clusters Using Machine Learning}}},
  author = {Ntampaka, M. and Trac, H. and Sutherland, D. J. and Fromenteau, S. and Poczos, B. and Schneider, J.},
  year = {2016},
  month = nov,
  volume = {831},
  pages = {135},
  issn = {1538-4357},
  doi = {10.3847/0004-637X/831/2/135},
  archivePrefix = {arXiv},
  eprint = {1509.05409},
  eprinttype = {arxiv},
  file = {/Users/ChangHoon/Zotero/storage/BUNGJ9MG/Ntampaka et al. - 2016 - Dynamical Mass Measurements of Contaminated Galaxy.pdf;/Users/ChangHoon/Zotero/storage/56WX76EG/1509.html},
  journal = {The Astrophysical Journal},
  keywords = {Astrophysics - Cosmology and Nongalactic Astrophysics},
  number = {2}
}

@inproceedings{poczos2011,
  title = {Nonparametric Divergence Estimators for Independent Subspace Analysis},
  booktitle = {2011 19th {{European Signal Processing Conference}}},
  author = {P{\'o}czos, B. and Szab{\'o}, Z. and Schneider, J.},
  year = {2011},
  month = aug,
  pages = {1718--1722},
  file = {/Users/ChangHoon/Zotero/storage/HFZG9CH3/7073923.html},
  keywords = {Computer science,Electronic mail,Estimation,Europe,independent subspace analysis,integral equations,integral formulae,Mutual information,mutual information estimation,nonparametric divergence estimators,nonparametric statistics,Signal processing,Silicon}
}

@article{poczos2012,
  title = {Nonparametric {{Divergence Estimation}} with {{Applications}} to {{Machine Learning}} on {{Distributions}}},
  author = {Poczos, Barnabas and Xiong, Liang and Schneider, Jeff},
  year = {2012},
  month = feb,
  archivePrefix = {arXiv},
  eprint = {1202.3758},
  eprinttype = {arxiv},
  file = {/Users/ChangHoon/Zotero/storage/AI9VRNP7/Poczos et al. - 2012 - Nonparametric Divergence Estimation with Applicati.pdf;/Users/ChangHoon/Zotero/storage/4CADV86J/1202.html},
  journal = {arXiv:1202.3758 [cs, stat]},
  keywords = {Computer Science - Learning,Statistics - Machine Learning},
  primaryClass = {cs, stat}
}

@article{poczos2012a,
  title = {Support {{Distribution Machines}}},
  author = {Poczos, Barnabas and Xiong, Liang and Sutherland, Dougal and Schneider, Jeff},
  year = {2012},
  month = jan,
  file = {/Users/ChangHoon/Zotero/storage/RVEG4KAR/89.html},
  journal = {Machine Learning Department}
}

@inproceedings{ravanbakhsh2017,
  title = {Enabling {{Dark Energy Science}} with {{Deep Generative Models}} of {{Galaxy Images}}},
  booktitle = {Thirty-{{First AAAI Conference}} on {{Artificial Intelligence}}},
  author = {Ravanbakhsh, Siamak and Lanusse, Francois and Mandelbaum, Rachel and Schneider, Jeff and Poczos, Barnabas},
  year = {2017},
  month = feb,
  copyright = {Authors who publish a paper in this conference agree to the following terms:   Author(s) agree to transfer their copyrights in their article/paper to the Association for the Advancement of Artificial Intelligence (AAAI), in order to deal with future requests for reprints, translations, anthologies, reproductions, excerpts, and other publications. This grant will include, without limitation, the entire copyright in the article/paper in all countries of the world, including all renewals, extensions, and reversions thereof, whether such rights current exist or hereafter come into effect, and also the exclusive right to create electronic versions of the article/paper, to the extent that such right is not subsumed under copyright.  The author(s) warrants that they are the sole author and owner of the copyright in the above article/paper, except for those portions shown to be in quotations; that the article/paper is original throughout; and that the undersigned right to make the grants set forth above is complete and unencumbered.  The author(s) agree that if anyone brings any claim or action alleging facts that, if true, constitute a breach of any of the foregoing warranties, the author(s) will hold harmless and indemnify AAAI, their grantees, their licensees, and their distributors against any liability, whether under judgment, decree, or compromise, and any legal fees and expenses arising out of that claim or actions, and the undersigned will cooperate fully in any defense AAAI may make to such claim or action. Moreover, the undersigned agrees to cooperate in any claim or other action seeking to protect or enforce any right the undersigned has granted to AAAI in the article/paper. If any such claim or action fails because of facts that constitute a breach of any of the foregoing warranties, the undersigned agrees to reimburse whomever brings such claim or action for expenses and attorneys' fees incurred therein.  Author(s) retain all proprietary rights other than copyright (such as patent rights).  Author(s) may make personal reuse of all or portions of the above article/paper in other works of their own authorship.  Author(s) may reproduce, or have reproduced, their article/paper for the author's personal use, or for company use provided that AAAI copyright and the source are indicated, and that the copies are not used in a way that implies AAAI endorsement of a product or service of an employer, and that the copies per se are not offered for sale. The foregoing right shall not permit the posting of the article/paper in electronic or digital form on any computer network, except by the author or the author's employer, and then only on the author's or the employer's own web page or ftp site. Such web page or ftp site, in addition to the aforementioned requirements of this Paragraph, must provide an electronic reference or link back to the AAAI electronic server, and shall not post other AAAI copyrighted materials not of the author's or the employer's creation (including tables of contents with links to other papers) without AAAI's written permission.  Author(s) may make limited distribution of all or portions of their article/paper prior to publication.  In the case of work performed under U.S. Government contract, AAAI grants the U.S. Government royalty-free permission to reproduce all or portions of the above article/paper, and to authorize others to do so, for U.S. Government purposes.  In the event the above article/paper is not accepted and published by AAAI, or is withdrawn by the author(s) before acceptance by AAAI, this agreement becomes null and void.},
  file = {/Users/ChangHoon/Zotero/storage/F9KJBHMF/Ravanbakhsh et al. - 2017 - Enabling Dark Energy Science with Deep Generative .pdf;/Users/ChangHoon/Zotero/storage/7XHYM8HU/14765.html},
  language = {en}
}

@article{wang2009,
  title = {Divergence {{Estimation}} for {{Multidimensional Densities Via}} -{{Nearest}}-{{Neighbor Distances}}},
  author = {Wang, Qing and Sanjeev, Kulkarni and Sergio, Verdu},
  year = {2009},
  month = may,
  volume = {55},
  pages = {2392--2405},
  file = {/Users/ChangHoon/Zotero/storage/IJ279WGH/download.pdf},
  journal = {IEEE TRANSACTIONS ON INFORMATION THEORY},
  number = {5}
}

@article{xu2013,
  title = {A {{First Look}} at Creating Mock Catalogs with Machine Learning Techniques},
  author = {Xu, Xiaoying and Ho, Shirley and Trac, Hy and Schneider, Jeff and Poczos, Barnabas and Ntampaka, Michelle},
  year = {2013},
  month = jul,
  volume = {772},
  pages = {147},
  issn = {0004-637X, 1538-4357},
  doi = {10.1088/0004-637X/772/2/147},
  archivePrefix = {arXiv},
  eprint = {1303.1055},
  eprinttype = {arxiv},
  file = {/Users/ChangHoon/Zotero/storage/5I8WIWTT/Xu et al. - 2013 - A First Look at creating mock catalogs with machin.pdf;/Users/ChangHoon/Zotero/storage/L5EVG39P/1303.html},
  journal = {The Astrophysical Journal},
  keywords = {Astrophysics - Cosmology and Nongalactic Astrophysics},
  number = {2}
}


